@BOOK{narendra.stable.2005,
  title         = {Stable Adaptive Systems},
  author        = {Narendra, Kumpati S. and Annaswamy, Anuradha M.},
  year          = {2005},
  series        = {Dover Books on Electrical Engineering Series},
  publisher     = {Dover}
}

@BOOK{narendra.frequency.1973,
  title         = {Frequency Domain Criteria for Absolute stability},
  author        = {Kumpati S. Narendra and James H. Taylor},
  series        = {Electrical science series},
  year          = {1973},
  publisher     = {Elsevier Science}
}

@INPROCEEDINGS{gibson.adaptive.2008,
  title         = {Adaptive Control of Hypersonic Vehicles in the Presence of Thrust and Actuator Uncertainties},
  author        = {Travis E. Gibson and Anuradha M. Annaswamy},
  year          = {2008},
  publisher     = {American Institute of Aeronautics and Astronautics},
  booktitle     = {AIAA Guidance, Navigation, and Control Conference},
  organization  = {AIAA},
  address       = {Honolulu, HI},
  month         = {August}
}

@INPROCEEDINGS{muse.constraints.2011,
  title         = {A Method For Enforcing State Constraints in Adaptive Control},
  author        = {Muse, Jonathan A.},
  year          = {2011},
  booktitle     = {AIAA Guidance, Navigation, and Control Conference},
  publisher     = {American Institute of Aeronautics and Astronautics},
  organization  = {AIAA},
  address       = {Portland, OR},
  month         = {August}
}

@INPROCEEDINGS{rollins.nonlinear.2013,
  title         = {Nonlinear Adaptive Dynamic Inversion Applied to a Generic Hypersonic Vehicle},
  author        = {Rollins, Elizabeth and Valasek, John and Muse, Jonathan A. and Bolender, Michael A.},
  year          = {2013},
  booktitle     = {AIAA Guidance, Navigation, and Control Conference},
  publisher     = {American Institute of Aeronautics and Astronautics}
}

@ARTICLE{astrom.feedback.1987,
  author        = {{\AA}str{\"o}m, Karl J.},
  journal       = {Proceedings of the IEEE},
  title         = {Adaptive Feedback Control},
  year          = {1987},
  volume        = {75},
  number        = {2},
  month         = {February},
  pages         = {185-217}
}

@article{lavretsky.statelimiting.2010,
  author        = {Lavretsky, Eugene and Gradient, Ross},
  journal       = {Journal of Guidance, Control, and Dynamics},
  month         = {2013/05/14},
  number        = {6},
  pages         = {1743--1752},
  title         = {Robust Adaptive Design for Aerial Vehicles with State-Limiting Constraints},
  volume        = {33},
  year          = {2010}
}

@BOOK{lavretskywise.book.2013,
  title         = {Robust and Adaptive Control},
  author        = {Eugene Lavretsky and Kevin A. Wise},
  year          = {2013},
  publisher     = {Springer}
}

@ARTICLE{huang.designspr.1999,
  author        = {C.H. Huang and Petros A. Ioannou and J. Maroulas and Michael G. Safonov},
  title         = {Design of Strictly Positive Real Systems Using Constant Output Feedback},
  journal       = {IEEE Transactions on Automatic Control},
  volume        = {44},
  number        = {3},
  month         = {March},
  year          = {1999},
  pages         = {569-573},
}

@INPROCEEDINGS{qu.gnc.2013,
  author        = {Zheng Qu and Eugene Lavretsky and Anuradha M. Annaswamy},
  title         = {An Adaptive Controller for Very Flexible Aircraft},
  booktitle     = {AIAA Guidance, Navigation, and Control (GNC) Conference},
  organization  = {AIAA},
  address       = {Boston, MA},
  month         = {August},
  year          = {2013}
}

@INPROCEEDINGS{lavretsky.output.2010,
  author        = {Eugene Lavretsky},
  title         = {Adaptive Output Feedback Design Using Asymptotic Properties of {LQG/LTR} Controllers},
  booktitle     = {AIAA Guidance, Navigation, and Control Conference},
  organization  = {AIAA},
  address       = {Toronto, Ontario, Canada},
  month         = {August},
  year          = {2010}
}

@BOOK{boyd.lmibook.1994,
  title         = {Linear Matrix Inequalities in System and Control Theory},
  author        = {Stephen P. Boyd and Laurent El Ghaoui and Eric Feron and Venkataramanan Balakrishnan},
  series        = {Studies in Applied Mathematics},
  year          = {1994},
  publisher     = {Society for Industrial and Applied Mathematics}
}

@INPROCEEDINGS{wiese.adaptive.2013,
  title         = {Adaptive Control of a Generic Hypersonic Vehicle},
  author        = {Daniel P. Wiese and Anuradha M. Annaswamy and Jonathan A. Muse and Michael A. Bolender},
  year          = {2013},
  booktitle     = {AIAA Guidance, Navigation, and Control Conference},
  publisher     = {American Institute of Aeronautics and Astronautics},
  organization  = {AIAA},
  address       = {Boston, MA},
  month         = {August}
}

@INPROCEEDINGS{wiese.gnc.2015,
  author        = {Daniel P. Wiese and Anuradha M. Annaswamy and Jonathan A. Muse and Michael A. Bolender and Eugene Lavretsky},
  title         = {Adaptive Output Feedback Based on Closed-Loop Reference Models for Hypersonic Vehicles},
  booktitle     = {AIAA Scitech: Guidance, Navigation, and Control Conference},
  publisher     = {American Institute of Aeronautics and Astronautics},
  organization  = {AIAA},
  address       = {Kissimmee, FL},
  month         = {January},
  year          = {2015}
}

@ARTICLE{wiese.jgcd.2015,
  title         = {Adaptive Output Feedback Based on Closed-Loop Reference Models for Hypersonic Vehicles},
  author        = {Daniel P. Wiese and Anuradha M. Annaswamy and Jonathan A. Muse and Michael A. Bolender and Eugene Lavretsky},
  journal       = {Journal of Guidance, Control, and Dynamics},
  volume        = {38},
  number        = {12},
  pages         = {2429-2440},
  year          = {2015},
  publisher     = {American Institute of Aeronautics and Astronautics},
  organization  = {AIAA}
}

@INPROCEEDINGS{wiese.sequential.2016,
  title         = {Sequential Loop Closure Based Adaptive Autopilot Design for a Hypersonic Vehicle},
  author        = {Wiese, Daniel P and Annaswamy, Anuradha M. and Muse, Jonathan A. and Bolender, Michael A. and Lavretsky, Eugene},
  booktitle     = {AIAA Scitech: Guidance, Navigation, and Control Conference},
  publisher     = {American Institute of Aeronautics and Astronautics},
  organization  = {AIAA},
  address       = {San Diego, CA},
  month         = {January},
  year          = {2016}
}

@INPROCEEDINGS{fiorentini.canard.2008,
  title         = {Robust Nonlinear Sequential Loop Closure Control Design for an Air-breathing Hypersonic Vehicle Model},
  author        = {Lisa Fiorentini and Andrea Serrani and Michael A. Bolender and David B. Doman},
  booktitle     = {American Control Conference (ACC)},
  organization  = {IEEE},
  publisher     = {Institute of Electrical and Electronics Engineers},
  address       = {Seattle, WA},
  month         = {June},
  year          = {2008},
  pages         = {3458--3463}
}

@INPROCEEDINGS{fiorentini.nmp.2009,
  title         = {Nonlinear Control of Non-minimum Phase Hypersonic Vehicle Models},
  author        = {Lisa Fiorentini and Andrea Serrani and Michael A. Bolender and David B. Doman},
  booktitle     = {American Control Conference (ACC)},
  organization  = {IEEE},
  publisher     = {Institute of Electrical and Electronics Engineers},
  address       = {St. Louis, MO},
  month         = {June},
  year          = {2009},
  pages         = {3160--3165}
}

@ARTICLE{bodson.autopilot.2003,
  title         = {Reconfigurable Nonlinear Autopilot},
  author        = {Marc Bodson},
  journal       = {Journal of Guidance, Control, and Dynamics},
  volume        = {26},
  number        = {5},
  pages         = {719--727},
  year          = {2003},
  publisher     = {American Institute of Aeronautics and Astronautics},
  organization  = {AIAA}
}

@INPROCEEDINGS{mcfarland.autopilot.1996,
  title         = {Neural-Adaptive Nonlinear Autopilot Design for an Agile Anti-air Missile},
  author        = {Michael B. McFarland and Anthony J. Calise},
  booktitle     = {AIAA Guidance, Navigation and Control Conference},
  organization  = {AIAA},
  address       = {San Diego, CA},
  month         = {July},
  year          = {1996},
  pages         = {29--31}
}

@INPROCEEDINGS{wise.munition.2005,
  title         = {Adaptive Flight Control of a Sensor Guided Munition},
  author        = {Kevin Wise and Eugene Lavretsky and Jeffrey Zimmerman and JH Francis and Dave Dixon and Brian Whitehead},
  booktitle     = {AIAA Guidance, Navigation and Control Conference},
  organization  = {AIAA},
  address       = {San Francisco, CA},
  month         = {August},
  year          = {2005},
  pages         = {}
}

@INPROCEEDINGS{wise.autopilot.2008,
  title         = {Robust Stability Analysis of Adaptive Missile Autopilots},
  author        = {Kevin A. Wise},
  booktitle     = {AIAA Guidance, Navigation and Control Conference},
  organization  = {AIAA},
  address       = {Honolulu, HI},
  month         = {August},
  year          = {2008},
  pages         = {18--21}
}

@BOOK{golub.matrix.1996,
  title         = {Matrix Computations},
  author        = {Golub, Gene H and Van Loan, Charles F},
  year          = {1996},
  publisher     = {Johns Hopkins University Press, Baltimore, MD,}
}

@ARTICLE{dai.symmetric.1996,
  title         = {Symmetric Positive Definite Solutions of Matrix Equations ({AX}, {XB})=({C},{D}) and {AXB}={C}},
  author        = {Dai, H},
  journal       = {Nanjing University of Aeronautics and Astronautics},
  volume        = {13},
  number        = {2},
  pages         = {175--179},
  year          = {1996}
}

@ARTICLE{paige.towardsgsvd.1981,
  title         = {Towards a Generalized Singular Value Decomposition},
  author        = {Paige, Christopher C and Saunders, Michael A},
  journal       = {SIAM Journal on Numerical Analysis},
  volume        = {18},
  number        = {3},
  pages         = {398--405},
  year          = {1981},
  publisher     = {SIAM}
}

@ARTICLE{hua.symmetric.1990,
  title         = {On the Symmetric Solutions of Linear Matrix Equations},
  author        = {Hua, Dai},
  journal       = {Linear Algebra and its Applications},
  volume        = {131},
  pages         = {1--7},
  year          = {1990},
  publisher     = {Elsevier}
}

@ARTICLE{sanner.gaussian.1992,
  title         = {Gaussian Networks for Direct Adaptive Control},
  author        = {Sanner, Robert M and Slotine, Jean-Jacques E},
  journal       = {Neural Networks, IEEE Transactions on},
  volume        = {3},
  number        = {6},
  pages         = {837--863},
  year          = {1992},
  publisher     = {IEEE}
}

@INPROCEEDINGS{gadient.statelimter.2011,
  title         = {State Limiter for Model Following Control Systems},
  author        = {Gadient, Ross and Lavretsky, Eugene and Hyde, David},
  booktitle     = {AIAA Guidance, Navigation and Control Conference},
  publisher     = {American Institute of Aeronautics and Astronautics},
  organization  = {AIAA},
  address       = {Portland, OR},
  month         = {August},
  year          = {2011}
}

@INPROCEEDINGS{famularo.stateconstraints.2016,
  title         = {Enforcing State Constraints on a Model of a Hypersonic Vehicle},
  author        = {Famularo, Douglas and Valasek, John and Muse, Jonathan A and Bolender, Michael A},
  booktitle     = {AIAA Scitech: Guidance, Navigation, and Control Conference},
  publisher     = {American Institute of Aeronautics and Astronautics},
  organization  = {AIAA},
  address       = {San Diego, CA},
  month         = {January},
  year          = {2016},
  pages         = {1865},
}
